@INPROCEEDINGS{chao,

  author={L. {Chao}},

  booktitle={2016 9th International Symposium on Computational Intelligence and Design (ISCID)},

  title={Kinematical and Dynamic Analysis of 6-DOF Industrial Robot},

  year={2016},

  volume={1},

  number={},

  pages={32-35},

  doi={10.1109/ISCID.2016.1016}}
